<record><leader>00000cas a22000007a 4500</leader><controlfield tag="001">14352673</controlfield><controlfield tag="008">861007c18869999txuwr ne      0    0eng d</controlfield><datafield ind1=" " ind2=" " tag="010"><subfield code="a">sn 86089430 </subfield></datafield><datafield ind1=" " ind2=" " tag="040"><subfield code="a">PPM</subfield><subfield code="b">eng</subfield><subfield code="c">PPM</subfield><subfield code="d">OCLCQ</subfield></datafield><datafield ind1=" " ind2=" " tag="042"><subfield code="a">msc</subfield></datafield><datafield ind1="0" ind2="4" tag="245"><subfield code="a">The Santa Anna news.</subfield></datafield><datafield ind1=" " ind2=" " tag="260"><subfield code="a">Santa Anna, Tex. :</subfield><subfield code="b">Mayes Print. Co.</subfield></datafield><datafield ind1=" " ind2=" " tag="300"><subfield code="a">v. ;</subfield><subfield code="c">56 cm.</subfield></datafield><datafield ind1=" " ind2=" " tag="310"><subfield code="a">Weekly</subfield></datafield><datafield ind1="1" ind2=" " tag="362"><subfield code="a">Began in 1886?</subfield></datafield><datafield ind1=" " ind2=" " tag="530"><subfield code="a">Issues dated 1897-1962 available on microfilm from The Center for American History, University of Texas at Austin.</subfield></datafield><datafield ind1=" " ind2=" " tag="588"><subfield code="a">Description based on: 11th Year, no. 20 (May 14, 1897).</subfield></datafield><datafield ind1=" " ind2=" " tag="752"><subfield code="a">United States</subfield><subfield code="b">Texas</subfield><subfield code="c">Coleman</subfield><subfield code="d">Santa Anna.</subfield></datafield><datafield ind1="0" ind2=" " tag="775"><subfield code="t">Santa Anna Daily news</subfield><subfield code="w">(DLC)sn 87091021</subfield></datafield></record>